<record><leader>00000cas a22000007a 4500</leader><controlfield tag="001">25608684</controlfield><controlfield tag="008">920408d18uu19uuncuwr ne      0    0eng d</controlfield><datafield ind1=" " ind2=" " tag="010"><subfield code="a">sn 92074004 </subfield></datafield><datafield ind1=" " ind2=" " tag="040"><subfield code="a">NVJ</subfield><subfield code="b">eng</subfield><subfield code="c">NVJ</subfield><subfield code="d">OCLCQ</subfield></datafield><datafield ind1=" " ind2=" " tag="042"><subfield code="a">msc</subfield></datafield><datafield ind1="0" ind2="0" tag="245"><subfield code="a">Carolina fruit and truckers journal.</subfield></datafield><datafield ind1="1" ind2="7" tag="246"><subfield code="a">Carolina fruit &amp; truckers journal</subfield></datafield><datafield ind1=" " ind2=" " tag="260"><subfield code="a">Wilmington, N.C. :</subfield><subfield code="b">Journal Pub. Co.</subfield></datafield><datafield ind1=" " ind2=" " tag="300"><subfield code="a">v.</subfield></datafield><datafield ind1=" " ind2=" " tag="310"><subfield code="a">Weekly,</subfield><subfield code="b">&lt;May 7, 1926&gt;-</subfield></datafield><datafield ind1=" " ind2=" " tag="321"><subfield code="a">Biweekly,</subfield><subfield code="b">&lt;Nov. 25, 1909&gt;-&lt;Mar. 15, 1926&gt;</subfield></datafield><datafield ind1=" " ind2=" " tag="500"><subfield code="a">Published in Chadbourn, N.C., &lt;Mar. 15, 1926&gt;-</subfield></datafield><datafield ind1=" " ind2=" " tag="515"><subfield code="a">Vol. 43, no. 4 (Mar. 15, 1926), also called New Ser. Vol. 1, no. 53.</subfield></datafield><datafield ind1=" " ind2=" " tag="580"><subfield code="a">Concurrently published with: Columbus news (Chadbourn, N.C.), &lt;1925-1926&gt;. Later on, the Carolina fruit and truckers journal was absorbed by the Columbus news.</subfield></datafield><datafield ind1=" " ind2=" " tag="588"><subfield code="a">Description based on: Vol. 21, no. 5 (Nov. 25, 1909).</subfield></datafield><datafield ind1=" " ind2=" " tag="752"><subfield code="a">United States</subfield><subfield code="b">North Carolina</subfield><subfield code="c">Columbus</subfield><subfield code="d">Chadbourn.</subfield></datafield><datafield ind1=" " ind2=" " tag="752"><subfield code="a">United States</subfield><subfield code="b">North Carolina</subfield><subfield code="c">New Hanover</subfield><subfield code="d">Wilmington.</subfield></datafield><datafield ind1="1" ind2=" " tag="775"><subfield code="t">Columbus news (Chadbourn, N.C.)</subfield><subfield code="w">(DLC)sn 92074005</subfield></datafield><datafield ind1="0" ind2="4" tag="785"><subfield code="t">Columbus news (Chadbourn, N.C.)</subfield><subfield code="w">(DLC)sn 92074005</subfield></datafield></record>